@manual{intel:vol1,
	organization = {Intel},
	title = {Intel 64 and IA-32 Architectures Software Developer's Manual, Volume~1: Basic Architecture},
	year = {2011}
}

@book{seacord:secure-c,
	author = {Robert C. Seacord},
	title = {The CERT C Secure Coding Standard},
	publisher = {Addison-Wesley Professional},
	year = {2008}
}

@misc{christey:vuln,
	author = {Steve Christey and Robert A. Martin},
	howpublished = {\url{http://cve.mitre.org/docs/vuln-trends/vuln-trends.pdf}},
	title = {Vulnerability Type Distributions in {CVE}},
	month = {May},
	year = {2007}
}

@misc{cve,
	howpublished = {\url{http://cve.mitre.org/}},
	title = {Common Vulnerabilities and Exposures ({CVE})},
}

@techreport{rus-cert:calloc,
	howpublished = {\url{http://cert.uni-stuttgart.de/ticker/advisories/calloc.html}},
	title = {Flaw in \texttt{calloc} and similar routines},
	institution = {RUS-CERT},
	type = {Advisory},
	number = {2002-08:02},
	year = {2004}
}

@techreport{moy:prefix,
	author = {Yannick Moy and Nikolaj Bj{\o}rner and David Sielaff},
	institution = {Microsoft Research},
	number = {MSR-TR-2009-57},
	title = {Modular Bug-finding for Integer Overflows in the Large: Sound, Efficient, Bit-precise Static Analysis},
	year = {2009}
}

@inproceedings{boolector,
	author = {Robert Brummayer and Armin Biere},
	title = {Boolector: An Efficient {SMT} Solver for Bit-Vectors and Arrays},
	crossref = {TACAS09},
	pages = {174--177}
}

@book{whale,
	author = {Steven S. Muchnick},
	title = {Advanced Compiler Design and Implementation},
	publisher = {Morgan Kaufmann},
	year = {1997}
}

@inproceedings{engelen:symbolic,
	author = {Robert A. van Engelen},
	title = {Efficient Symbolic Analysis for Optimizing Compilers},
	crossref = {CC01},
	pages = {118--132}
}

@inproceedings{lattner:llvm,
	author = {Chris Lattner and Vikram Adve},
	title = {{LLVM}: A Compilation Framework for Lifelong Program Analysis \& Transformation},
	crossref = {CGO04},
	pages = {75--86},
}

@inproceedings{esser:ios,
	author = {Stefan Esser},
	title = {Exploiting the {iOS} Kernel},
	booktitle = {Proceedings of the Black Hat Technical Security Conference},
	address = {Las Vegas, NV},
	year = {2011},
	month = {August},
}
